% This file was created with JabRef 2.4.2.
% Encoding: UTF8

@BOOK{Arenales2007,
  title = {Pesquisa operacional},
  publisher = {Elsevier Campus},
  year = {2007},
  author = {M. N. Arenales and V. {ARMENTANO} and R. {MORABITO} and H. {YANASSE}}
}

@BOOK{Arkin1998,
  title = {{Behavior-Based} Robotics},
  publisher = {{MIT} Press},
  year = {1998},
  author = {R. C. Arkin}
}

@PHDTHESIS{Calvo2007,
  author = {Rodrigo Calvo and Roseli Aparecida Francelin Romero},
  title = {Arquitetura h\'{i}brida inteligente para navega\c{c}\~{a}o aut\^{o}noma
	de rob\^{o}s},
  school = {Universidade de S\~{a}o Paulo - {ICMC}},
  year = {2007},
  month = mar,
  abstract = {Este projeto consiste em um sistema de navega\c{c}\~{a}o aut\^{o}nomo
	baseado em redes neurais nebulosas modulares capacitando o rob\^{o}
	a alcan\c{c}ar alvos, ou pontos metas, em ambientes desconhecidos.
	Inicialmente, o sistema n\~{a}o tem habilidade para a navega\c{c}\~{a}o,
	ap\'{o}s uma fase de experimentos com algumas colis\~{o}es, o mecanismo
	de navega\c{c}\~{a}o aprimora-se guiando o rob\^{o} ao alvo de forma
	eficiente. Uma arquitetura h\'{i}brida inteligente \'{e} apresentada
	para este sistema de navega\c{c}\~{a}o, baseada em redes neurais
	artificiais e l\'{o}gica nebulosa. A arquitetura \'{e} hier\'{a}rquica
	e costitiui-se de dois m\'{o}dulos respons\'{a}veis por gerar comportamentos
	inatos de desvio de obst\'{a}culos e de busca ao alvo. Um mecanismo
	de aprendizagem por refor\c{c}o, baseada em uma extens\~{a}o da lei
	de Hebb, pondera os comportamentos inatos conflitantes ajustando
	os pesos sin\'{a}pticos das redes neurais nos instantes de captura
	do alvo e de colis\~{a}o contra obst\'{a}culos. A abordagem consolidada
	em simula\c{c}\~{a}o \'{e} validada em ambientes reais neste trabalho.
	Para tanto, este sistema foi implementado e testado no simulador
	Saphira, ambiente de simula\c{c}\~{a}o que acompanha o rob\^{o} Pioneer
	I e que denota um est\'{a}gio anterior aos testes em ambientes reais
	por apresentar comportamentos do rob\^{o} similares aos comportamentos
	do rob\^{o} m\'{o}vel. Modifica\c{c}\~{o}es na arquitetura h\'{i}brida
	foram necess\'{a}rias para adaptar o sistema de navega\c{c}\~{a}o
	simulado ao sistema incorporado no Pioneer I. Experimentos em ambientes
	reais demonstraram a efici\^{e}ncia e a capacidade de aprendizagem
	do sistema de navega\c{c}\~{a}o, validando a arquitetura h\'{i}brida
	inteligente para aplica\c{c}\~{a}o em rob\^{o}s m\'{o}veis},
  url = {http://www.teses.usp.br/teses/disponiveis/55/55134/tde-15062007-161911/}
}

@BOOK{Cormen2001,
  title = {Introduction to Algorithms},
  publisher = {{MIT} Press},
  year = {2001},
  author = {T. H. Cormen}
}

@BOOK{Dudek2000,
  title = {Computational Principles of Mobile Robotics},
  publisher = {Cambridge University Press},
  year = {2000},
  author = {G. Dudek and M. Jenkin}
}

@MISC{FriendlyRobotics,
  author = {{FriendlyRobotics}},
  title = {Robomow{\textregistered} Lawn Mower - Automatic Lawnmower},
  howpublished = {http://www.friendlyrobotics.com/},
  url = {http://www.friendlyrobotics.com/}
}

@ARTICLE{Gates2007,
  author = {B. Gates},
  title = {A Robot in Every Home},
  journal = {Scientific American Magazine},
  year = {2007},
  volume = {296},
  pages = {58--65},
  number = {1}
}

@INPROCEEDINGS{Gerkey2003,
  author = {B. Gerkey and R. T. Vaughan and A. Howard},
  title = {The player/stage project: Tools for multi-robot and distributed sensor
	systems},
  booktitle = {Proceedings of the 11th International Conference on Advanced Robotics},
  year = {2003},
  pages = {317--323}
}

@ARTICLE{Heinen2002,
  author = {F. J. Heinen and F. Os\'{o}rio},
  title = {Sistema de Controle H\'{i}brido para Rob\^{o}s M\'{o}veis Aut\^{o}nomos},
  journal = {{WTDIA/SBIA} - Workshop De Teses E Disserta\c{c}\~{o}es D Intelig\^{e}ncia
	Artificial, 2002},
  year = {2002},
  abstract = {Neste trabalho foi desenvolvido um sistema de controle robusto para
	rob\^{o}sm\'{o}veis aut\^{o}nomos que \'{e} capaz de operar e de
	se adaptar a diferentes ambientes econdi\c{c}\~{o}es. Para isso foi
	proposta uma arquitetura de controle h\'{i}brida {(COHBRA),integrando}
	as duas principais t\'{e}cnicas de controle rob\'{o}tico (controle
	deliberativo econtrole reativo). Esta arquitetura de controle utiliza
	uma abordagem de tr\^{e}s camadaspara integrar uma camada vital (controle
	reativo), uma camada funcional (seq\"{u}enciador)e uma camada deliberativa
	(controle deliberativo). A comunica\c{c}\~{a}o entre as diversascamadas
	\'{e} realizada atrav\'{e}s de uma \'{a}rea de mem\'{o}ria compartilhada,
	inspirada naabordagem Blackboard. A arquitetura de controle possui
	um esquema de m\'{u}ltiplasrepresenta\c{c}\~{o}es internas do ambiente:
	representa\c{c}\~{a}o poligonal, representa\c{c}\~{a}o matricial
	erepresenta\c{c}\~{a}o topol\'{o}gica / {sem\^{a}ntica.O} sistema
	de controle desenvolvido tem a capacidade de navegar em umambiente
	din\^{a}mico, desviando tanto de obst\'{a}culos est\'{a}ticos como
	de obst\'{a}culos m\'{o}veisimprevistos. A camada deliberativa utiliza
	o algoritmo A* para calcular um plano at\'{e} oobjetivo, evitando
	os obst\'{a}culos conhecidos presentes no mapa do ambiente. A camadavital
	utiliza uma s\'{e}rie de comportamentos reativos para guiar o rob\^{o}
	at\'{e} o seu objetivo,e ao mesmo tempo evitar colis\~{o}es com obst\'{a}culos
	est\'{a}ticos e m\'{o}veis. A camadafuncional tem como principal
	fun\c{c}\~{a}o integrar a camada vital e a camada deliberativa,fornecendo
	par\^{a}metros para os comportamentos da camada vital com base no
	planocalculado pela camada deliberativa. A camada funcional tamb\'{e}m
	possui m\'{o}dulos quemonitoram o ambiente e adaptam o mapa no caso
	de uma altera\c{c}\~{a}o do ambiente {serpercebida.Para} garantir
	a robustez da arquitetura de controle, foi integrado um m\'{o}dulolocalizador.
	O sistema de controle implementa a t\'{e}cnica de localiza\c{c}\~{a}o
	Monte Carlo. Om\'{o}dulo localizador \'{e} capaz de localizar o rob\^{o}
	no ambiente utilizando as informa\c{c}\~{o}essensoriais e um mapa.
	O localizador \'{e} capaz de manter uma estimativa de posi\c{c}\~{a}ocorreta
	quando a localiza\c{c}\~{a}o inicial \'{e} conhecida (localiza\c{c}\~{a}o
	local), \'{e} capaz de estimaruma posi\c{c}\~{a}o global quando n\~{a}o
	se disp\~{o}e de informa\c{c}\~{o}es sobre a posi\c{c}\~{a}o inicial
	dorob\^{o} m\'{o}vel (localiza\c{c}\~{a}o global), e tamb\'{e}m possui
	a capacidade de detectar umaestimativa de posi\c{c}\~{a}o incorreta
	e se relocalizar no ambiente (relocaliza\c{c}\~{a}o). Atrav\'{e}s
	dautiliza\c{c}\~{a}o de um filtro de dist\^{a}ncia, \'{e} poss\'{i}vel
	se localizar inclusive em um ambientedin\^{a}mico. Este m\'{o}dulo
	localizador possui um papel de destaque no sistema de controle,fornecendo
	uma base s\'{o}lida para o controle e navega\c{c}\~{a}o do rob\^{o}
	m\'{o}vel {aut\^{o}nomo.Para} a valida\c{c}\~{a}o do sistema de controle
	proposto, foi implementado umsimulador de rob\^{o}s m\'{o}veis {(SimRob3D)}
	que permite a utiliza\c{c}\~{a}o de modelos deambiente tridimensionais,
	bem como diversos modelos sensoriais e cinem\'{a}ticos. Para avisualiza\c{c}\~{a}o
	tridimensional do ambiente \'{e} utilizada a biblioteca {OpenGL.}
	O ambientepode ser alterado em tempo real, e \'{e} poss\'{i}vel a
	utiliza\c{c}\~{a}o de objetos m\'{o}veis que seguemtrajet\'{o}rias
	predefinidas. \'{E} poss\'{i}vel utilizar a cinem\'{a}tica Ackerman
	ou a cinem\'{a}ticadiferencial, e sensores tais como: encoder, sonar,
	laser e {infravermelho.Os} resultados de diversos experimentos realizados
	demonstraram a robustez daarquitetura proposta em tarefas de localiza\c{c}\~{a}o
	local, localiza\c{c}\~{a}o global, relocaliza\c{c}\~{a}o enavega\c{c}\~{a}o
	na presen\c{c}a de obst\'{a}culos est\'{a}ticos e/ou m\'{o}veis imprevistos.}
}

@MISC{IRobot,
  author = {{IRobot}},
  title = {{iRobot} Corporation},
  howpublished = {http://store.irobot.com/corp/index.jsp},
  url = {http://store.irobot.com/corp/index.jsp}
}

@BOOK{Latombe1991,
  title = {Robot Motion Planning},
  publisher = {Kluwer Academic Publishers},
  year = {1991},
  author = {J. C. Latombe}
}

@INPROCEEDINGS{Medeiros1998,
  author = {Adelardo A. D. Medeiros},
  title = {Introdu\c{c}\~{a}o \`{a} Rob\'{o}tica},
  year = {1998},
  pages = {56--65},
  address = {Natal, {RN,} Brasil},
  month = jul
}

@MISC{NASA,
  author = {{NASA}},
  title = {Mars Pathfinder},
  howpublished = {http://mpfwww.jpl.nasa.gov/default.html},
  url = {http://mpfwww.jpl.nasa.gov/default.html}
}

@ARTICLE{Pedrosa2001,
  author = {Diogo Pinheiro Fernandes Pedrosa and Adelardo Adelino Dantas Medeiros
	and Pablo Javier Alsina},
  title = {Sistema de navega\c{c}\~{a}o para rob\^{o}s m\'{o}veis aut\^{o}nomos},
  journal = {Latin American Knowledge Harvester},
  year = {2001},
  month = oct,
  abstract = {Um dos maiores problemas em rob\'{o}tica m\'{o}vel diz respeito \`{a}
	sua navega\c{c}\~{a}o. Conceitualmente, o ato de navegar em rob\'{o}tica
	consiste em guiar um rob\^{o} em um espa\c{c}o de trabalho durante
	um determinado intervalo de tempo, por um caminho que possa ser percorrido
	e que leve o rob\^{o} de uma posi\c{c}\~{a}o e orienta\c{c}\~{a}o
	iniciais para uma posi\c{c}\~{a}o e orienta\c{c}\~{a}o finais. Esta
	\'{e} a principal tarefa que um rob\^{o} m\'{o}vel deve executar.
	Ela implica em subproblemas que s\~{a}o a localiza\c{c}\~{a}o do
	rob\^{o} no espa\c{c}o de trabalho, o planejamento de um caminho
	admiss\'{i}vel, a gera\c{c}\~{a}o de uma trajet\'{o}ria e, por fim,
	a sua execu\c{c}\~{a}o. Al\'{e}m disso, rob\^{o}s m\'{o}veis aut\^{o}nomos
	com rodas possuem restri\c{c}\~{o}es cinem\'{a}ticas, chamadas tamb\'{e}m
	de restri\c{c}\~{o}es n\~{a}o-holon\^{o}micas, que fazem com que
	o rob\^{o} n\~{a}o possa se mover livremente em seu espa\c{c}o de
	trabalho, limitando a quantidade de caminhos admiss\'{i}veis entre
	duas posi\c{c}\~{o}es distintas. Este trabalho aborda principalmente
	os subproblemas do planejamento de caminho e gera\c{c}\~{a}o de trajet\'{o}ria
	aplicado a minirrob\^{o}s m\'{o}veis com rodas que atuam em um projeto
	de futebol de rob\^{o}s. O maior desafio para a navega\c{c}\~{a}o
	destes ve\'{i}culos \'{e} determinar uma fun\c{c}\~{a}o cont\'{i}nua
	que respeite suas restri\c{c}\~{o}es cinem\'{a}ticas e evolua no
	tempo segundo as restri\c{c}\~{o}es impostas pelo problema quanto
	\`{a} posi\c{c}\~{a}o e orienta\c{c}\~{a}o iniciais e finais e quanto
	\`{a} velocidade do movimento. Prop\~{o}e-se uma estrat\'{e}gia de
	gera\c{c}\~{a}o de caminho baseada em polin\^{o}mios param\'{e}tricos
	de terceiro grau em 'x' e 'y'. A orienta\c{c}\~{a}o 'theta' do minirrob\^{o}
	\'{e} obtida da rela\c{c}\~{a}o entre 'y' e 'x' de modo que os caminhos
	gerados respeitem a restri\c{c}\~{a}o cinem\'{a}tica imposta. Para
	que a trajet\'{o}ria seja executada e os resultados experimentais
	validados \'{e} apresentada uma estrat\'{e}gia simples de controle
	que atua sobre as velocidades linear e angular desenvolvidas pelo
	rob\^{o} m\'{o}vel. },
  url = {http://lakh.unm.edu/handle/10229/14268}
}

@BOOK{Polidoro2007,
  title = {Desenvolvimento De T\'{e}cnicas De Monitoramento De Ambientes Internos
	{Utilizando-Se} Rob\^{o}s M\'{o}veis},
  publisher = {{ICMC/USP}},
  year = {2007},
  author = {Heitor Luis Polidoro}
}

@BOOK{Russell2003,
  title = {Artificial Intelligence},
  publisher = {Prentice Hall},
  year = {2003},
  author = {Stuart Jonathan Russell and Peter Norvig and John F. Canny and Peter
	Norvig, John F. Canny},
  pages = {1080},
  isbn = {0137903952, 9780137903955}
}

@ARTICLE{Scatena2004,
  author = {Jean Miler Scatena and Eduardo Marques},
  title = {Implementa\c{c}\~{a}o de Mapas Topol\'{o}gicos para Navega\c{c}\~{a}o
	de Rob\^{o}s M\'{o}veis Baseada em Computa\c{c}\~{a}o Reconfigur\'{a}vel.},
  journal = {Simp\'{o}sio Latino Americano em Aplica\c{c}\~{o}es de L\'{o}gica
	Program\'{a}vel e Processadores Digitais de Sinais em Processamento
	de V\'{i}deo, Vis\~{a}o Computacional e Rob\'{o}tica {(SLALP} 2004)},
  year = {2004},
  volume = {1},
  pages = {1--10},
  abstract = {O presente trabalho \'{e} vinculado a duas \'{a}reas de grande pesquisa
	e enfoque na comunidade cientifica, a \'{a}rea de navega\c{c}\~{a}o
	de rob\^{o}s m\'{o}veis e a \'{a}rea de computa\c{c}\~{a}o reconfigur\'{a}vel.
	Este trabalho tem como principal finalidade implementar uma t\'{e}cnica
	de mapeamento para o sistema de navega\c{c}\~{a}o de um rob\^{o}
	m\'{o}vel, em hardware reconfigur\'{a}vel, objetivando a melhora
	do desempenho na execu\c{c}\~{a}o da t\'{e}cnica chamada mapeamento
	topol\'{o}gico, al\'{e}m de fornecer a capacidade de um sistema rob\'{o}tico
	poder-se auto reconfigurar em tempo real. 
	
	Para que seja realizada esta tarefa, foram necess\'{a}rios pesquisas
	e estudos a estes dois assuntos, podendo ser encontrada uma explana\c{c}\~{a}o
	dos mesmos nos cap\'{i}tulos 3 e 4. O primeiro tema abordado foi
	o sistema de navega\c{c}\~{a}o de rob\^{o}s m\'{o}veis com an\'{a}lise
	inicial sobre as formas de navega\c{c}\~{a}o e mapeamento associadas
	com o estudo dos ambientes que ser\~{a}o realizadas as tarefas de
	navega\c{c}\~{a}o. O segundo tema abordado \'{e} sobre sistemas reconfigur\'{a}veis
	que tem como \^{e}nfase \`{a} constru\c{c}\~{a}o, implementa\c{c}\~{a}o,
	reconfigura\c{c}\~{a}o assim como os principais fabricantes. 
	
	Depois de realizado todo o estudo inerente \`{a} pesquisa, anteriormente
	citado, \'{e} implementado um sistema de navega\c{c}\~{a}o de rob\^{o}s
	m\'{o}veis em um hardware reconfigur\'{a}vel utilizando o conjunto
	de ferramentas de desenvolvimento de hardwares reconfigur\'{a}veis
	da empresa chamada Altera.},
  url = {http://www.universia.com.br/materia/materia.jsp?id=4695}
}

@BOOK{Siegwart2004,
  title = {Introduction to Autonomous Mobile Robots},
  publisher = {{MIT} Press},
  year = {2004},
  author = {R. Siegwart and I. R. Nourbakhsh}
}

@ARTICLE{Thrun2002,
  author = {Sebastian Thrun},
  title = {Probabilistic robotics},
  journal = {Commun. {ACM}},
  year = {2002},
  volume = {45},
  pages = {52--57},
  number = {3},
  abstract = {Planning and navigation algorithms exploit statistics gleaned from
	uncertain, imperfect real-world environments to guide robots toward
	their goals and around obstacles.},
  doi = {10.1145/504729.504754},
  url = {http://portal.acm.org/citation.cfm?id=504729.504754}
}

@ARTICLE{Thrun2002a,
  author = {S. Thrun},
  title = {Robotic Mapping: A Survey},
  journal = {Exploring Artificial Intelligence in the New Millennium},
  year = {2002},
  volume = {1},
  pages = {1--35}
}

@ARTICLE{Thrun2004,
  author = {S. Thrun and S. Thayer and W. Whittaker and C. Baker and W. Burgard
	and D. Ferguson and D. Hahnel and D. Montemerlo and A. Morris and
	Z. Omohundro and C. Reverte and Whittaker W},
  title = {Autonomous exploration and mapping of abandoned mines},
  journal = {Robotics \& Automation Magazine, {IEEE}},
  year = {2004},
  volume = {11},
  pages = {79--91},
  number = {4},
  abstract = {This article discusses the software architecture of an autonomous
	robotic system designed to explore and map abandoned mines. A new
	set of software tools is presented, enabling robots to acquire maps
	of unprecedented size and accuracy. On 30 May 2003, the robot {"Groundhog"}
	successfully explored and mapped a main corridor of the abandoned
	Mathies mine near Courtney, Pennsylvania. This article also discusses
	some of the challenges that arise in the subterranean environments
	and some the difficulties of building truly autonomous robots.},
  doi = {{10.1109/MRA.2004.1371614}},
  issn = {1070-9932},
  keywords = {abandoned underground mines,autonomous robotic system,chassis,configuration
	space representation,data {association,Groundhog} robot,landmine
	detection,mobile robots,simultaneous localization and mapping,software
	architecture,subterranean environment}
}

